@article{fagin2001efficient,
  title={Optimal aggregation algorithms for middleware},
  author={Fagin, Ronald and Lotem, Amnon and Naor, Moni},
  journal={Journal of Computer and System Sciences},
  volume={66},
  number={4},
  pages={614--656},
  year={2001},
  publisher={Elsevier}
}

@article{google2021tf,
  title={Top-k Operations in TensorFlow and Their Optimizations},
  author={Google Brain Team},
  journal={TensorFlow Documentation},
  year={2021},
  url={https://www.tensorflow.org/api_docs/python/tf/nn/top_k}
}

@article{mapreduce2014,
  title={MapReduce: Simplified Data Processing on Large Clusters},
  author={Dean, Jeffrey and Ghemawat, Sanjay},
  journal={Communications of the ACM},
  volume={51},
  number={1},
  pages={107--113},
  year={2014},
  publisher={ACM}
}

@article{li2022topk,
  title={基于国产AI芯片的Top-k查询算法研究与优化},
  author={李强 and 王明 and 张扬},
  journal={计算机学报},
  volume={45},
  number={2},
  pages={345--358},
  year={2022},
  publisher={中国计算机学会}
}
